<record><leader>00000cas a2200000 a 4500</leader><controlfield tag="001">14081115</controlfield><controlfield tag="008">860813d19661991nyuwn ne      0   a0swe  </controlfield><datafield ind1=" " ind2=" " tag="010"><subfield code="a">sn 86071820 </subfield></datafield><datafield ind1=" " ind2=" " tag="040"><subfield code="a">DLC</subfield><subfield code="b">eng</subfield><subfield code="c">DLC</subfield><subfield code="d">NSD</subfield><subfield code="d">YOX</subfield><subfield code="d">NSD</subfield><subfield code="d">MGN</subfield><subfield code="d">NSD</subfield><subfield code="d">CRL</subfield><subfield code="d">NYS</subfield><subfield code="d">CVF</subfield><subfield code="d">OCLCQ</subfield><subfield code="d">OCLCO</subfield><subfield code="d">OCLCF</subfield><subfield code="d">OCLCO</subfield><subfield code="d">OCLCQ</subfield></datafield><datafield ind1=" " ind2=" " tag="012"><subfield code="j">1</subfield><subfield code="k">1</subfield><subfield code="m">d</subfield></datafield><datafield ind1="0" ind2=" " tag="022"><subfield code="a">0895-2620</subfield><subfield code="l">0895-2620</subfield><subfield code="2">1</subfield></datafield><datafield ind1="0" ind2=" " tag="041"><subfield code="a">swe</subfield><subfield code="a">eng</subfield></datafield><datafield ind1=" " ind2=" " tag="042"><subfield code="a">pcc</subfield><subfield code="a">nsdp</subfield></datafield><datafield ind1=" " ind2=" " tag="043"><subfield code="a">n-us-ny</subfield><subfield code="a">n-us-ma</subfield></datafield><datafield ind1="0" ind2="0" tag="050"><subfield code="a">Newspaper</subfield></datafield><datafield ind1="1" ind2="0" tag="082"><subfield code="a">305</subfield><subfield code="2">11</subfield></datafield><datafield ind1="0" ind2=" " tag="210"><subfield code="a">Nordstjer. svea</subfield></datafield><datafield ind1=" " ind2="0" tag="222"><subfield code="a">Nordstjernan svea</subfield></datafield><datafield ind1="0" ind2="0" tag="245"><subfield code="a">Nordstjernan-svea.</subfield></datafield><datafield ind1="1" ind2="3" tag="246"><subfield code="a">Swedish North Star</subfield></datafield><datafield ind1=" " ind2=" " tag="260"><subfield code="a">New York, N.Y. :</subfield><subfield code="b">Nordstjernan Corp.,</subfield><subfield code="c">[1966-1991]</subfield></datafield><datafield ind1=" " ind2=" " tag="300"><subfield code="a">26 volumes :</subfield><subfield code="b">illustrations ;</subfield><subfield code="c">39 cm</subfield></datafield><datafield ind1=" " ind2=" " tag="310"><subfield code="a">Weekly (except the 1st week of July and the 1st two weeks in Aug.),</subfield><subfield code="b">&lt;Feb. 16, 1989&gt;-1991</subfield></datafield><datafield ind1=" " ind2=" " tag="321"><subfield code="a">Weekly,</subfield><subfield code="b">1966-</subfield></datafield><datafield ind1=" " ind2=" " tag="321"><subfield code="a">Weekly (except 2 weeks during summer),</subfield><subfield code="b">&lt;1971-&gt;</subfield></datafield><datafield ind1=" " ind2=" " tag="321"><subfield code="a">Weekly (except 3 weeks during summer),</subfield><subfield code="b">&lt;11 juni 1987-&gt;</subfield></datafield><datafield ind1=" " ind2=" " tag="336"><subfield code="a">text</subfield><subfield code="b">txt</subfield><subfield code="2">rdacontent</subfield></datafield><datafield ind1=" " ind2=" " tag="337"><subfield code="a">unmediated</subfield><subfield code="b">n</subfield><subfield code="2">rdamedia</subfield></datafield><datafield ind1=" " ind2=" " tag="338"><subfield code="a">volume</subfield><subfield code="b">nc</subfield><subfield code="2">rdacarrier</subfield></datafield><datafield ind1="0" ind2=" " tag="362"><subfield code="a">94:e a&#778;rg. nr. 5 (3 febr. 1966)-v. 119, no. 37 (Oct. 3, 1991).</subfield></datafield><datafield ind1=" " ind2=" " tag="500"><subfield code="a">Published in Brooklyn, N.Y. &lt;6 sept. 1973&gt;-1991.</subfield></datafield><datafield ind1=" " ind2=" " tag="500"><subfield code="a">Issues for &lt;Feb. 16, 1989&gt;-1991 published by: Swedish News, Inc.</subfield></datafield><datafield ind1="8" ind2=" " tag="521"><subfield code="a">"America's oldest Swedish newspaper."</subfield></datafield><datafield ind1=" " ind2=" " tag="530"><subfield code="a">Also issued on microfilm from the New York Public Library.</subfield></datafield><datafield ind1=" " ind2=" " tag="546"><subfield code="a">In Swedish and English.</subfield></datafield><datafield ind1=" " ind2=" " tag="580"><subfield code="a">Merger of: Nordstjernan (New York, N.Y.), and: Svea (Worcester, Mass.).</subfield></datafield><datafield ind1=" " ind2="0" tag="650"><subfield code="a">Swedish Americans</subfield><subfield code="z">Northeastern States</subfield><subfield code="v">Newspapers.</subfield></datafield><datafield ind1=" " ind2="0" tag="651"><subfield code="a">New York (N.Y.)</subfield><subfield code="v">Newspapers.</subfield></datafield><datafield ind1=" " ind2="0" tag="651"><subfield code="a">Brooklyn (New York, N.Y.)</subfield><subfield code="v">Newspapers.</subfield></datafield><datafield ind1=" " ind2="0" tag="651"><subfield code="a">Kings County (N.Y.)</subfield><subfield code="v">Newspapers.</subfield></datafield><datafield ind1=" " ind2="7" tag="650"><subfield code="a">Swedish Americans.</subfield><subfield code="2">fast</subfield><subfield code="0">(OCoLC)fst01140023</subfield></datafield><datafield ind1=" " ind2="7" tag="651"><subfield code="a">New York (State)</subfield><subfield code="z">Kings County.</subfield><subfield code="2">fast</subfield><subfield code="0">(OCoLC)fst01220099</subfield></datafield><datafield ind1=" " ind2="7" tag="651"><subfield code="a">New York (State)</subfield><subfield code="z">New York.</subfield><subfield code="2">fast</subfield><subfield code="0">(OCoLC)fst01204333</subfield></datafield><datafield ind1=" " ind2="7" tag="651"><subfield code="a">New York (State)</subfield><subfield code="z">New York</subfield><subfield code="z">Brooklyn.</subfield><subfield code="2">fast</subfield><subfield code="0">(OCoLC)fst01312516</subfield></datafield><datafield ind1=" " ind2="7" tag="651"><subfield code="a">Northeastern States.</subfield><subfield code="2">fast</subfield><subfield code="0">(OCoLC)fst01242521</subfield></datafield><datafield ind1=" " ind2="7" tag="655"><subfield code="a">Newspapers.</subfield><subfield code="2">fast</subfield><subfield code="0">(OCoLC)fst01423814</subfield></datafield><datafield ind1=" " ind2=" " tag="752"><subfield code="a">United States</subfield><subfield code="b">New York</subfield><subfield code="d">New York.</subfield></datafield><datafield ind1=" " ind2=" " tag="752"><subfield code="a">United States</subfield><subfield code="b">New York</subfield><subfield code="c">Kings</subfield><subfield code="d">Brooklyn.</subfield></datafield><datafield ind1="1" ind2="4" tag="780"><subfield code="t">Nordstjernan (New York, N.Y.)</subfield><subfield code="w">(DLC)sn 83030471</subfield><subfield code="w">(OCoLC)9510771</subfield></datafield><datafield ind1="1" ind2="4" tag="780"><subfield code="t">Svea (Worcester, Mass.)</subfield><subfield code="w">(DLC)sn 91058022</subfield><subfield code="w">(OCoLC)23347560</subfield></datafield><datafield ind1="0" ind2="0" tag="785"><subfield code="t">Nordstjernan (New York, N.Y. : 1991)</subfield><subfield code="x">1059-7670</subfield><subfield code="w">(DLC)sn 91004607</subfield><subfield code="w">(OCoLC)24728237</subfield></datafield><datafield ind1="1" ind2=" " tag="029"><subfield code="a">AU@</subfield><subfield code="b">000020436964</subfield></datafield></record>